%% This BibTeX bibliography file was created using BibDesk.
%% https://bibdesk.sourceforge.io/

%% Created for Candus Shi at 2025-01-19 16:35:45 -0800 


%% Saved with string encoding Unicode (UTF-8) 



@article{dettori2022fixedrandomeffect,
	author = {Joseph R Dettori, Daniel C Norvell, Jens R Chapman},
	date-added = {2025-01-19 14:20:40 -0800},
	date-modified = {2025-01-19 14:22:15 -0800},
	journal = {Global Spine J},
	month = {September},
	number = {7},
	pages = {1624-1626},
	title = {Fixed-Effect vs Random-Effects Models for Meta-Analysis: 3 Points to Consider},
	volume = {12},
	year = {2022}}

@article{riley2010ipdma,
	author = {Riley, Richard D and Lambert, Paul C and Abo-Zaid, Ghada},
	date-added = {2025-01-19 14:02:06 -0800},
	date-modified = {2025-01-19 14:02:29 -0800},
	doi = {10.1136/bmj.c221},
	elocation-id = {c221},
	eprint = {https://www.bmj.com/content/340/bmj.c221.full.pdf},
	issn = {0959-8138},
	journal = {BMJ},
	publisher = {BMJ Publishing Group Ltd},
	title = {Meta-analysis of individual participant data: rationale, conduct, and reporting},
	url = {https://www.bmj.com/content/340/bmj.c221},
	volume = {340},
	year = {2010},
	bdsk-url-1 = {https://www.bmj.com/content/340/bmj.c221},
	bdsk-url-2 = {https://doi.org/10.1136/bmj.c221}}

@article{yang2024pcos,
	annote = {doi: 10.1016/j.eclinm.2024.102884},
	author = {Yang, Yanan and Cheng, Jiale and Liu, Chongyuan and Zhang, Xiaopo and Ma, Ning and Zhou, Zhi and Lu, Weiying and Wu, Chongming},
	date = {2024/11/01},
	date-added = {2025-01-19 13:48:05 -0800},
	date-modified = {2025-01-19 13:48:19 -0800},
	doi = {10.1016/j.eclinm.2024.102884},
	isbn = {2589-5370},
	journal = {eClinicalMedicine},
	journal1 = {eClinicalMedicine},
	month = {2025/01/19},
	publisher = {Elsevier},
	title = {Gut microbiota in women with polycystic ovary syndrome: an individual based analysis of publicly available data},
	type = {doi: 10.1016/j.eclinm.2024.102884},
	url = {https://doi.org/10.1016/j.eclinm.2024.102884},
	volume = {77},
	year = {2024},
	year1 = {2024},
	bdsk-url-1 = {https://doi.org/10.1016/j.eclinm.2024.102884}}
